@misc{leafKaggle,
    author = {Julia Elliott, Meghan O'Connell, Will Cukierski},
    title = {Leaf Classification},
    publisher = {Kaggle},
    year = {2016},
    howpublished = {\url{https://kaggle.com/competitions/leaf-classification}}
}

@misc{leafMargin,
    title = {Leaf morphology},
    author = {Wikipedia},
    year = {2023},
    howpublished = {\url{https://en.wikipedia.org/wiki/Glossary\_of\_leaf\_morphology}}
}

@misc{SSS,
    title = {Stratified shuffle split},
    author = {Scikit-learn},
    year = {2023},
    howpublished = {\url{https://scikit-learn.org/stable/modules/generated/sklearn.model\_selection.StratifiedShuffleSplit.html}}
}

@misc{SVC,
    title = {Support vector classification},
    author = {Scikit-learn},
    year = {2023},
    howpublished = {\url{https://scikit-learn.org/stable/modules/generated/sklearn.svm.SVC.html}}
}

@misc{RFC,
    title = {Random forest classifier},
    author = {Scikit-learn},
    year = {2023},
    howpublished = {\url{https://scikit-learn.org/stable/modules/generated/sklearn.ensemble.RandomForestClassifier.html}}
}

@misc{KNN,
    title = {K-nearest neighbors classifier},
    author = {Scikit-learn},
    year = {2023},
    howpublished = {\url{https://scikit-learn.org/stable/modules/generated/sklearn.neighbors.KNeighborsClassifier.html}}
}

@misc{MLP,
    title = {Multi-layer perceptron classifier},
    author = {Scikit-learn},
    year = {2023},
    howpublished = {\url{https://scikit-learn.org/stable/modules/generated/sklearn.neural\_network.MLPClassifier.html}}
}

@misc{DTC,
    title = {Decision tree classifier},
    author = {Scikit-learn},
    year = {2023},
    howpublished = {\url{https://scikit-learn.org/stable/modules/generated/sklearn.tree.DecisionTreeClassifier.html}}
}

@misc{GBC,
    title = {Gradient boosting classifier},
    author = {Scikit-learn},
    year = {2023},
    howpublished = {\url{https://scikit-learn.org/stable/modules/generated/sklearn.ensemble.GradientBoostingClassifier.html}}
}

@misc{GNB,
    title = {Gaussian naive bayes classifier},
    author = {Scikit-learn},
    year = {2023},
    howpublished = {\url{https://scikit-learn.org/stable/modules/generated/sklearn.naive\_bayes.GaussianNB.html}}
}

@misc{SGD,
    title = {Stochastic gradient descent classifier},
    author = {Scikit-learn},
    year = {2023},
    howpublished = {\url{https://scikit-learn.org/stable/modules/generated/sklearn.linear\_model.SGDClassifier.html}}
}

@misc{LR,
    title = {Logistic regression classifier},
    author = {Scikit-learn},
    year = {2023},
    howpublished = {\url{https://scikit-learn.org/stable/modules/generated/sklearn.linear\_model.LogisticRegression.html}}
}

@misc{BC,
    title = {Bagging classifier},
    author = {Scikit-learn},
    year = {2023},
    howpublished = {\url{https://scikit-learn.org/stable/modules/generated/sklearn.ensemble.BaggingClassifier.html}}
}

@misc{ABC,
    title = {AdaBoost classifier},
    author = {Scikit-learn},
    year = {2023},
    howpublished = {\url{https://scikit-learn.org/stable/modules/generated/sklearn.ensemble.AdaBoostClassifier.html}}
}

@misc{CV,
    title = {Cross validation},
    author = {Scikit-learn},
    year = {2023},
    howpublished = {\url{https://scikit-learn.org/stable/modules/cross\_validation.html}}
}

@misc{GSCV,
    title = {Grid search cross validation},
    author = {Scikit-learn},
    year = {2023},
    howpublished = {\url{https://scikit-learn.org/stable/modules/generated/sklearn.model\_selection.GridSearchCV.html}}
}

@misc{pandas,
    title = {Pandas},
    author = {Pandas},
    year = {2023},
    howpublished = {\url{https://pandas.pydata.org/}}
}